<?xml version="1.0" encoding="UTF-8"?><collection xmlns="http://www.loc.gov/MARC21/slim"><record><leader>00506nam--2200169-i-4500</leader><controlfield tag="001">000037812</controlfield><controlfield tag="002">20161230</controlfield><controlfield tag="005">20170303110510</controlfield><controlfield tag="008">060222s1000------------r-----000-0-eng-d</controlfield><datafield ind1=" " ind2=" " tag="040"><subfield code="a">IFIN-HH</subfield></datafield><datafield ind1=" " ind2=" " tag="080"><subfield code="a">539.14</subfield></datafield><datafield ind1="1" ind2=" " tag="100"><subfield code="a">Ramsey, Norman F</subfield></datafield><datafield ind1="1" ind2="0" tag="245"><subfield code="a">Nuclear moments</subfield><subfield code="b">Reprinted in part from Segre (editor), experimental nuclear physics vol. i</subfield><subfield code="c">Norman F. Ramsey</subfield></datafield><datafield ind1=" " ind2=" " tag="260"><subfield code="a">New York</subfield><subfield code="b">John Wiley &amp; Sons, Inc</subfield><subfield code="c">1958</subfield></datafield><datafield ind1=" " ind2=" " tag="300"><subfield code="a">XIII + 497P</subfield></datafield><datafield ind1=" " ind2=" " tag="852"><subfield code="a">15074</subfield><subfield code="c">539.14</subfield></datafield><datafield ind1=" " ind2=" " tag="CAT"><subfield code="a">SYS</subfield><subfield code="c">20170303</subfield><subfield code="h">110510</subfield></datafield></record></collection>